<record><leader>00000cas a2200000 a 4500</leader><controlfield tag="001">11986276</controlfield><controlfield tag="008">850501d19241939ksuwr ne      0    0eng d</controlfield><datafield ind1=" " ind2=" " tag="010"><subfield code="a">sn 85031307 </subfield></datafield><datafield ind1=" " ind2=" " tag="040"><subfield code="a">KSH</subfield><subfield code="b">eng</subfield><subfield code="c">KSH</subfield><subfield code="d">NPT</subfield><subfield code="d">OCL</subfield><subfield code="d">OCLCQ</subfield></datafield><datafield ind1=" " ind2=" " tag="042"><subfield code="a">msc</subfield></datafield><datafield ind1="0" ind2="4" tag="245"><subfield code="a">The Seneca times.</subfield></datafield><datafield ind1=" " ind2=" " tag="260"><subfield code="a">Seneca, Kan. :</subfield><subfield code="b">Herold &amp; Ellis,</subfield><subfield code="c">1924-1939.</subfield></datafield><datafield ind1=" " ind2=" " tag="300"><subfield code="a">15 v. :</subfield><subfield code="b">ill. ;</subfield><subfield code="c">50-56 cm.</subfield></datafield><datafield ind1=" " ind2=" " tag="310"><subfield code="a">Weekly</subfield></datafield><datafield ind1="0" ind2=" " tag="362"><subfield code="a">Vol. 1, no. 1 (Nov. 20, 1924)-v. 15, no. 51 (Oct. 26, 1939).</subfield></datafield><datafield ind1=" " ind2=" " tag="500"><subfield code="a">Published by: Herold &amp; Roberts, June 4, 1931-Mar. 25, 1937; A.J. Roberts &amp; Sons, Apr. 1, 1937-Oct. 26, 1939.</subfield></datafield><datafield ind1=" " ind2=" " tag="752"><subfield code="a">United States</subfield><subfield code="b">Kansas</subfield><subfield code="c">Nemaha</subfield><subfield code="d">Seneca.</subfield></datafield><datafield ind1="0" ind2="4" tag="785"><subfield code="t">Courier-tribune (Seneca, Kan.)</subfield><subfield code="w">(DLC)sn 85031314</subfield></datafield></record>